@article{choi2005fine,
  title={Fine-grained dynamic voltage and frequency scaling for precise energy and performance tradeoff based on the ratio of off-chip access to on-chip computation times},
  author={Choi, Kihwan and Soma, Ramakrishna and Pedram, Massoud},
  journal={Computer-Aided Design of Integrated Circuits and Systems, IEEE Transactions on},
  volume={24},
  number={1},
  pages={18--28},
  year={2005},
  publisher={IEEE}
}

@incollection{hsu2003single,
  title={Single region vs. multiple regions: A comparison of different compiler-directed dynamic voltage scheduling approaches},
  author={Hsu, Chung-Hsing and Kremer, Ulrich},
  booktitle={Power-Aware Computer Systems},
  pages={197--211},
  year={2003},
  publisher={Springer}
}

@inproceedings{ge2007cpu,
  title={Cpu miser: A performance-directed, run-time system for power-aware clusters},
  author={Ge, Rong and Feng, Xizhou and Feng, Wu-chun and Cameron, Kirk W},
  booktitle={Parallel Processing, 2007. ICPP 2007. International Conference on},
  pages={18--18},
  year={2007},
  organization={IEEE}
}

@inproceedings{hsu2005power,
  title={A power-aware run-time system for high-performance computing},
  author={Hsu, Chung-hsing and Feng, Wu-chun},
  booktitle={Proceedings of the 2005 ACM/IEEE conference on Supercomputing},
  pages={1},
  year={2005},
  organization={IEEE Computer Society}
}

@article{blumofe1999scheduling,
  title={Scheduling multithreaded computations by work stealing},
  author={Blumofe, Robert D and Leiserson, Charles E},
  journal={Journal of the ACM (JACM)},
  volume={46},
  number={5},
  pages={720--748},
  year={1999},
  publisher={ACM}
}

@inproceedings{gautier2013xkaapi,
  title={Xkaapi: A runtime system for data-flow task programming on heterogeneous architectures},
  author={Gautier, Thierry and Lima, Joao VF and Maillard, Nicolas and Raffin, Bruno},
  booktitle={Parallel \& Distributed Processing (IPDPS), 2013 IEEE 27th International Symposium on},
  pages={1299--1308},
  year={2013},
  organization={IEEE}
}

@article{augonnet2011starpu,
  title={StarPU: a unified platform for task scheduling on heterogeneous multicore architectures},
  author={Augonnet, C{\'e}dric and Thibault, Samuel and Namyst, Raymond and Wacrenier, Pierre-Andr{\'e}},
  journal={Concurrency and Computation: Practice and Experience},
  volume={23},
  number={2},
  pages={187--198},
  year={2011},
  publisher={Wiley Online Library}
}

@inproceedings{joerg1995cilk,
  title={Cilk: an efficient multithreaded runtime system},
  author={Joerg, Robert D Blumofe Christopher F and Kuszmaul, Bradley C and Leiserson, Charles E and Randall, Keith H and Zhou, Yuli},
  booktitle={Proc. Fifth ACM SIGPLAN Symposium on Principles and Practice of Parallel Programming},
  year={1995}
}

@inproceedings{gautier2007kaapi,
  title={KAAPI: A thread scheduling runtime system for data flow computations on cluster of multi-processors},
  author={Gautier, Thierry and Besseron, Xavier and Pigeon, Laurent},
  booktitle={Proceedings of the 2007 international workshop on Parallel symbolic computation},
  pages={15--23},
  year={2007},
  organization={ACM}
}

@book{leung2004handbook,
  title={Handbook of scheduling: algorithms, models, and performance analysis},
  author={Leung, Joseph YT},
  year={2004},
  publisher={CRC Press}
}

@article{aas2005understanding,
  title={Understanding the Linux 2.6. 8.1 CPU scheduler},
  author={Aas, Josh},
  journal={Retrieved Oct},
  volume={16},
  pages={1--38},
  year={2005}
}

@inproceedings{lima2012exploiting,
  title={Exploiting Concurrent GPU Operations for Efficient Work Stealing on Multi-GPUs},
  author={Lima, Joao VF and Gautier, Thierry and Maillard, Nicolas and Danjean, Vincent},
  booktitle={Computer Architecture and High Performance Computing (SBAC-PAD), 2012 IEEE 24th International Symposium on},
  pages={75--82},
  year={2012},
  organization={IEEE}
}

@article{lawson1979basic,
  title={Basic linear algebra subprograms for Fortran usage},
  author={Lawson, Chuck L and Hanson, Richard J. and Kincaid, David R and Krogh, Fred T.},
  journal={ACM Transactions on Mathematical Software (TOMS)},
  volume={5},
  number={3},
  pages={308--323},
  year={1979},
  publisher={ACM}
}

@incollection{broquedis2012libkomp,
  title={LIBKOMP, an efficient openMP runtime system for both fork-join and data flow paradigms},
  author={Broquedis, Fran{\c{c}}ois and Gautier, Thierry and Danjean, Vincent},
  booktitle={OpenMP in a Heterogeneous World},
  pages={102--115},
  year={2012},
  publisher={Springer}
}

@techreport{le2011x,
    hal_id = {hal-00648245},
    url = {http://hal.inria.fr/hal-00648245},
    title = {{The X-Kaapi's Application Programming Interface. Part I: Data Flow Programming}},
    author = {Le Mentec, Fabien and Gautier, Thierry and Danjean, Vincent},
    abstract = {{In this report, we present X-Kaapi's programming model. A X-Kaapi parallel program is a C or C++ sequential program with code annotation using \#pragma compiler directives that allow to create tasks. A specific source to source compiler translates X-Kaapi directives to runtime calls.}},
    keywords = {parallel computing, data flow graph, scheduling},
    language = {English},
    affiliation = {MOAIS - INRIA Grenoble Rh{\^o}ne-Alpes / LIG Laboratoire d'Informatique de Grenoble},
    pages = {48},
    type = {Technical Report},
    institution = {INRIA},
    number = {RT-0418},
    year = {2011},
    month = Dec,
    pdf = {http://hal.inria.fr/hal-00648245/PDF/RT-0418.pdf},
}


@misc{quinlan2012rose,
  title={ROSE compiler project},
  author={Quinlan, Dan J and others},
  year={2012}
}

@techreport{gautier2012x,
    hal_id = {hal-00727827},
    url = {http://hal.inria.fr/hal-00727827},
    title = {{X-Kaapi: a Multi Paradigm Runtime for Multicore Architectures}},
    author = {Gautier, Thierry and Lementec, Fabien and Faucher, Vincent and Raffin, Bruno},
    abstract = {{The paper presents X-Kaapi, a compact runtime for multicore architec- tures that brings multi parallel paradigms (parallel independent loops, fork-join tasks and dataflow tasks) in a unified framework without performance penalty. Comparisons on independent loops with OpenMP and on dense linear algebra with QUARK/PLASMA confirm our design decisions. Applied to EUROPLEXUS, an industrial simulation code for fast transient dynamics, we show that X-Kaapi achieves high speedups on multicore architectures by efficiently parallelizing both independent loops and dataflow tasks.}},
    keywords = {parallel computing; X-Kaapi; Europlexus},
    language = {Anglais},
    affiliation = {MOAIS - INRIA Grenoble Rh{\^o}ne-Alpes / LIG Laboratoire d'Informatique de Grenoble , Laboratoire d'{\'e}tudes de DYNamique - DYN},
    pages = {16},
    type = {Rapport de recherche},
    institution = {INRIA},
    number = {RR-8058},
    collaboration = {CEA },
    year = {2012},
    month = Feb,
    pdf = {http://hal.inria.fr/hal-00727827/PDF/RR-8058.pdf},
}

@inproceedings{guo2009work,
  title={Work-first and help-first scheduling policies for async-finish task parallelism},
  author={Guo, Yi and Barik, Rajkishore and Raman, Raghavan and Sarkar, Vivek},
  booktitle={Parallel \& Distributed Processing, 2009. IPDPS 2009. IEEE International Symposium on},
  pages={1--12},
  year={2009},
  organization={IEEE}
}

@inproceedings{guo2010slaw,
  title={SLAW: A scalable locality-aware adaptive work-stealing scheduler},
  author={Guo, Yi and Zhao, Jisheng and Cave, Vincent and Sarkar, Vivek},
  booktitle={Parallel \& Distributed Processing (IPDPS), 2010 IEEE International Symposium on},
  pages={1--12},
  year={2010},
  organization={IEEE}
}

@article{topcuoglu2002performance,
  title={Performance-effective and low-complexity task scheduling for heterogeneous computing},
  author={Topcuoglu, Haluk and Hariri, Salim and Wu, Min-you},
  journal={Parallel and Distributed Systems, IEEE Transactions on},
  volume={13},
  number={3},
  pages={260--274},
  year={2002},
  publisher={IEEE}
}

@article{agullo2010faster,
  title={Faster, cheaper, better--a hybridization methodology to develop linear algebra software for GPUs},
  author={Agullo, Emmanuel and Augonnet, C{\'e}dric and Dongarra, Jack and Ltaief, Hatem and Namyst, Raymond and Thibault, Samuel and Tomov, Stanimire and others},
  journal={GPU Computing Gems},
  volume={2},
  year={2010}
}

@inproceedings{lima2013preliminary,
  title={Preliminary Experiments with XKaapi on Intel Xeon Phi Coprocessor},
  author={Lima, Joao Vicente Ferreira and Broquedis, Francois and Gautier, Thierry and Raffin, Bruno and others},
  booktitle={25th International Symposium on Computer Architecture and High Performance Computing (SBAC-PAD)},
  year={2013}
}

@article{buttari2009class,
  title={A class of parallel tiled linear algebra algorithms for multicore architectures},
  author={Buttari, Alfredo and Langou, Julien and Kurzak, Jakub and Dongarra, Jack},
  journal={Parallel Computing},
  volume={35},
  number={1},
  pages={38--53},
  year={2009},
  publisher={Elsevier}
}

@inproceedings{dinan2009scalable,
  title={Scalable work stealing},
  author={Dinan, James and Larkins, D Brian and Sadayappan, Ponnuswamy and Krishnamoorthy, Sriram and Nieplocha, Jarek},
  booktitle={Proceedings of the Conference on High Performance Computing Networking, Storage and Analysis},
  pages={53},
  year={2009},
  organization={ACM}
}

@article{kumar1994scalable,
  title={Scalable load balancing techniques for parallel computers},
  author={Kumar, Vipin and Grama, Ananth Y and Vempaty, Nageshwara Rao},
  journal={Journal of Parallel and Distributed Computing},
  volume={22},
  number={1},
  pages={60--79},
  year={1994},
  publisher={Elsevier}
}

@inproceedings{yodaiken1997real,
  title={Real-Time Linux Applications and Design},
  author={Yodaiken, Victor and Barabanov, Michael},
  booktitle={Proceedings of the Linux applications development and deployment conference (USELINUX)},
  year={1997}
}

@article{blumofe1998space,
  title={Space-efficient scheduling of multithreaded computations},
  author={Blumofe, Robert D and Leiserson, Charles E},
  journal={SIAM Journal on Computing},
  volume={27},
  number={1},
  pages={202--229},
  year={1998},
  publisher={SIAM}
}

@inproceedings{wu1991communication,
  title={Communication complexity for parallel divide-and-conquer},
  author={Wu, I-C and Kung, Hsing-Tsung},
  booktitle={Foundations of Computer Science, 1991. Proceedings., 32nd Annual Symposium on},
  pages={151--162},
  year={1991},
  organization={IEEE}
}

@inproceedings{hu1999openmp,
  title={OpenMP for networks of SMPs},
  author={Hu, Y Charlie and Lu, Honghui and Cox, Alan L and Zwaenepoel, Willy},
  booktitle={Parallel Processing, 1999. 13th International and 10th Symposium on Parallel and Distributed Processing, 1999. 1999 IPPS/SPDP. Proceedings},
  pages={302--310},
  year={1999},
  organization={IEEE}
}

@inproceedings{sarkar2009softwarexxx,
  title={Software challenges in extreme scale systems},
  author={Sarkar, Vivek and Harrod, William and Snavely, Allan E},
  booktitle={Journal of Physics: Conference Series},
  volume={180},
  number={1},
  pages={012045},
  year={2009},
  organization={IOP Publishing}
}

@article{sarkar2009software,
    author = {Sarkar, Vivek and Harrod, William and Snavely, Allan E.},
    citeulike-article-id = {8184490},
    citeulike-linkout-0 = {http://stacks.iop.org/1742-6596/180/i=1/a=012045},
    journal = {Journal of Physics: Conference Series},
    number = {1},
    pages = {012045},
    posted-at = {2010-11-03 13:06:15},
    priority = {2},
    title = {Software challenges in extreme scale systems},
    url = {http://stacks.iop.org/1742-6596/180/i=1/a=012045},
    volume = {180},
    year = {2009}
}

@techreport{cilkplus,
	title={Intel Cilk Plus Language Specification},
	author={Intel Corporation},
	institution={Intel Corporation},
	year={2011},
	note={Revision: 1.1}
}

@incollection{khaldi2013task,
  title={Task Parallelism and Data Distribution: An Overview of Explicit Parallel Programming Languages},
  author={Khaldi, Dounia and Jouvelot, Pierre and Ancourt, Corinne and Irigoin, Fran{\c{c}}ois},
  booktitle={Languages and Compilers for Parallel Computing},
  pages={174--189},
  year={2013},
  publisher={Springer}
}

@book{perrin1996data,
  title={The data parallel programming model: foundations, HPF realization, and scientific applications},
  author={Perrin, Guy-Ren{\'e} and Darte, Alain},
  volume={1132},
  year={1996},
  publisher={Springer}
}

@incollection{membarth2011frameworks,
  title={Frameworks for multi-core architectures: a comprehensive evaluation using 2D/3D image registration},
  author={Membarth, Richard and Hannig, Frank and Teich, J{\"u}rgen and K{\"o}rner, Mario and Eckert, Wieland},
  booktitle={Architecture of Computing Systems-ARCS 2011},
  pages={62--73},
  year={2011},
  publisher={Springer}
}

@article{leiserson2010cilk++,
  title={The Cilk++ concurrency platform},
  author={Leiserson, Charles E},
  journal={The Journal of Supercomputing},
  volume={51},
  number={3},
  pages={244--257},
  year={2010},
  publisher={Springer}
}

@book{reinders2010intel,
  title={Intel threading building blocks: outfitting C++ for multi-core processor parallelism},
  author={Reinders, James},
  year={2010},
  publisher={O'Reilly Media, Inc.}
}

@inproceedings{aldinucci2010efficient,
  title={Efficient Smith-Waterman on multi-core with FastFlow},
  author={Aldinucci, Marco and Meneghin, Massimiliano and Torquati, Massimo},
  booktitle={Parallel, Distributed and Network-Based Processing (PDP), 2010 18th Euromicro International Conference on},
  pages={195--199},
  year={2010},
  organization={IEEE}
}

@article{smith1981identification,
  title={Identification of common molecular subsequences},
  author={Smith, Temple F and Waterman, Michael S},
  journal={Journal of molecular biology},
  volume={147},
  number={1},
  pages={195--197},
  year={1981},
  publisher={Academic Press}
}

@article{subhlok1993exploiting,
  title={Exploiting task and data parallelism on a multicomputer},
  author={Subhlok, Jaspal and Stichnoth, James M and O'hallaron, David R and Gross, Thomas},
  journal={ACM SIGPLAN Notices},
  volume={28},
  number={7},
  pages={13--22},
  year={1993},
  publisher={ACM}
}

@inproceedings{board2008openmp,
  title={OpenMP application program interface version 3.0},
  author={Board, OAR},
  booktitle={The OpenMP Forum, Tech. Rep},
  year={2008}
}

@incollection{ayguade2008proposal,
  title={A proposal for task parallelism in OpenMP},
  author={Ayguad{\'e}, Eduard and Copty, Nawal and Duran, Alejandro and Hoeflinger, Jay and Lin, Yuan and Massaioli, Federico and Su, Ernesto and Unnikrishnan, Priya and Zhang, Guansong},
  booktitle={A Practical Programming Model for the Multi-Core Era},
  pages={1--12},
  year={2008},
  publisher={Springer}
}

@article{gupta2002recent,
  title={Recent advances in direct methods for solving unsymmetric sparse systems of linear equations},
  author={Gupta, Anshul},
  journal={ACM Transactions on Mathematical Software (TOMS)},
  volume={28},
  number={3},
  pages={301--324},
  year={2002},
  publisher={ACM}
}

@article{haidar2012analysis,
  title={Analysis of dynamically scheduled tile algorithms for dense linear algebra on multicore architectures},
  author={Haidar, Azzam and Ltaief, Hatem and YarKhan, Asim and Dongarra, Jack},
  journal={Concurrency and Computation: Practice and Experience},
  volume={24},
  number={3},
  pages={305--321},
  year={2012},
  publisher={Wiley Online Library}
}

@article{radhakrishnan2000simulated,
  title={Simulated annealing for parallel machine scheduling with earliness-tardiness penalties and sequence-dependent set-up times},
  author={Radhakrishnan, Sanjay and Ventura, Jose A},
  journal={International Journal of Production Research},
  volume={38},
  number={10},
  pages={2233--2252},
  year={2000},
  publisher={Taylor \& Francis}
}

@article{gonccalves2005hybrid,
  title={A hybrid genetic algorithm for the job shop scheduling problem},
  author={Gon{\c{c}}alves, Jos{\'e} Fernando and de Magalh{\~a}es Mendes, Jorge Jos{\'e} and Resende, Maur{\i}cio GC},
  journal={European journal of operational research},
  volume={167},
  number={1},
  pages={77--95},
  year={2005},
  publisher={Elsevier}
}

@inproceedings{dally2011power,
  title={Power, programmability, and granularity: The challenges of exascale computing},
  author={Dally, Bill},
  booktitle={Test Conference (ITC), 2011 IEEE International},
  pages={12--12},
  year={2011},
  organization={IEEE}
}

@article{chu2004review,
  title={Review of cooling technologies for computer products},
  author={Chu, Richard C and Simons, Robert E and Ellsworth, Michael J and Schmidt, Roger R and Cozzolino, Vincent},
  journal={Device and Materials Reliability, IEEE Transactions on},
  volume={4},
  number={4},
  pages={568--585},
  year={2004},
  publisher={IEEE}
}

@incollection{shalf2011exascale,
  title={Exascale computing technology challenges},
  author={Shalf, John and Dosanjh, Sudip and Morrison, John},
  booktitle={High Performance Computing for Computational Science--VECPAR 2010},
  pages={1--25},
  year={2011},
  publisher={Springer}
}

@inproceedings{kasichayanula2012power,
  title={Power aware computing on GPUs},
  author={Kasichayanula, Kiran and Terpstra, Dan and Luszczek, Piotr and Tomov, Stan and Moore, Shirley and Peterson, Gregory D},
  booktitle={Application Accelerators in High Performance Computing (SAAHPC), 2012 Symposium on},
  pages={64--73},
  year={2012},
  organization={IEEE}
}

@inproceedings{hsu2005feasibility,
  title={A feasibility analysis of power awareness in commodity-based high-performance clusters},
  author={Hsu, C-H and Feng, Wu-chun},
  booktitle={Cluster Computing},
  pages={1--10},
  year={2005},
  organization={IEEE}
}

@manual{nvidia2012,
        author = {NVIDIA},
        month = {October},
        organization = {NVIDIA},
        title = {NVIDIA Management Library (NVML)},
        year = {2012}
}

@article{DBLP:journals/corr/VogeleerMJC14,
  author    = {Karel De Vogeleer and
               G{\'e}rard Memmi and
               Pierre Jouvelot and
               Fabien Coelho},
  title     = {The Energy/Frequency Convexity Rule: Modeling and Experimental
               Validation on Mobile Devices},
  journal   = {CoRR},
  volume    = {abs/1401.4655},
  year      = {2014},
  ee        = {http://arxiv.org/abs/1401.4655},
  bibsource = {DBLP, http://dblp.uni-trier.de}
}

@article{ribic2014energy,
  title={Energy-Efficient Work-Stealing Language Runtimes},
  author={Ribic, Haris and Liu, Yu David},
  journal={HERMES},
  volume={33},
  pages={38},
  year={2014}
}

@article{Barroso:2005:PP:1095408.1095420,
 author = {Barroso, Luiz Andr{\'e}},
 title = {The Price of Performance},
 journal = {Queue},
 issue_date = {September 2005},
 volume = {3},
 number = {7},
 month = sep,
 year = {2005},
 issn = {1542-7730},
 pages = {48--53},
 numpages = {6},
 url = {http://doi.acm.org/10.1145/1095408.1095420},
 doi = {10.1145/1095408.1095420},
 acmid = {1095420},
 publisher = {ACM},
 address = {New York, NY, USA},
}

@article{beloglazov2011taxonomy,
  title={A taxonomy and survey of energy-efficient data centers and cloud computing systems},
  author={Beloglazov, Anton and Buyya, Rajkumar and Lee, Young Choon and Zomaya, Albert and others},
  journal={Advances in Computers},
  volume={82},
  number={2},
  pages={47--111},
  year={2011},
  publisher={Academic Press}
}

@inproceedings{dhiman2007dynamic,
  title={Dynamic voltage frequency scaling for multi-tasking systems using online learning},
  author={Dhiman, Gaurav and Rosing, Tajana Simunic},
  booktitle={Proceedings of the 2007 international symposium on Low power electronics and design},
  pages={207--212},
  year={2007},
  organization={ACM}
}

@inproceedings{banerjee2010cooling,
  title={Cooling-aware and thermal-aware workload placement for green HPC data centers},
  author={Banerjee, Ayan and Mukherjee, Tridib and Varsamopoulos, Georgios and Gupta, Sandeep KS},
  booktitle={Green Computing Conference, 2010 International},
  pages={245--256},
  year={2010},
  organization={IEEE}
}

@article{feng2007green500,
  title={The green500 list: Encouraging sustainable supercomputing},
  author={Feng, Wu-chun and Cameron, Kirk W},
  journal={Computer},
  volume={40},
  number={12},
  pages={50--55},
  year={2007},
  publisher={IEEE}
}
@misc{top500,
  title = {Top500},
  year = {2014},
  author={Meuer, Hans and Strohmaier, E and Dongarra, J and Simon, H},
}

@misc{green500,
  title={Green500},
  year={2015},
  author =  {Subramaniam, Balaji and others},
}

@article{overviewcluster,
year={2013},
issn={1386-7857},
journal={Cluster Computing},
volume={16},
number={1},
title={An overview of energy efficiency techniques in cluster computing systems},
publisher={Springer US},
keywords={Cluster computing; Energy efficiency; Power management; Survey},
author={Valentini, GiorgioLuigi and Lassonde, Walter and Khan, SameeUllah and Min-Allah, Nasro and Madani, SajjadA. and Li, Juan and Zhang, Limin and Wang, Lizhe and Ghani, Nasir and Kolodziej, Joanna and Li, Hongxiang and Zomaya, AlbertY. and Xu, Cheng-Zhong and Balaji, Pavan and Vishnu, Abhinav and Pinel, Fredric and Pecero, JohnatanE. and Kliazovich, Dzmitry and Bouvry, Pascal},                                                                         
pages={3-15},
language={English}
}

@inproceedings{Kim:2007:PAS:1251971.1252264,                                 
 author = {Kim, Kyong Hoon and Buyya, Rajkumar and Kim, Jong},
 title = {Power Aware Scheduling of Bag-of-Tasks Applications with Deadline Constraints on DVS-enabled Clusters},
 booktitle = {Proceedings of the Seventh IEEE International Symposium on Cluster Computing and the Grid},
 series = {CCGRID '07},
 year = {2007},
 isbn = {0-7695-2833-3},
 pages = {541--548},
 numpages = {8},
 doi = {10.1109/CCGRID.2007.85},
 acmid = {1252264},
 publisher = {IEEE Computer Society},
 address = {Washington, DC, USA},
}

@article{Rajovic2013lpjcs,
author = "Nikola Rajovic and Lluis Vilanova and Carlos Villavieja and Nikola Puzovic and Alex Ramirez",
title = "The low power architecture approach towards exascale comp. ",
journal = "J. of Comp. Sci.",
publisher = "Elsevier",
volume = "4",
number = "6",
pages = "439--443",
year = "2013",
issn = "1877-7503",
}

@inproceedings{Vasic:2009:MCA:1555271.1555281,
 author = {Vasi\'{c}, Nedeljko and Barisits, Martin and Salzgeber, Vincent and Kostic, Dejan},
 title = {Making Cluster Applications Energy-aware},
 booktitle = {Proceedings of the 1st Workshop on Automated Control for Datacenters and Clouds},
 series = {ACDC '09},
 year = {2009},
 isbn = {978-1-60558-585-7},
 location = {Barcelona, Spain},
 pages = {37--42},
 numpages = {6},
 doi = {10.1145/1555271.1555281},
 acmid = {1555281},
 publisher = {ACM},
 address = {New York, NY, USA},
 keywords = {cluster applications, cluster services, energy-awareness, storage},
}

@article{10.1109/MCSE.2010.134,
author = {Scott Hemmert},
title = {Green HPC: From Nice to Necessity},
journal ={Computing in Science and Engineering},
volume = {12},
number = {6},
issn = {1521-9615},
year = {2010},
pages = {8-10},
doi = {http://doi.ieeecomputersociety.org/10.1109/MCSE.2010.134},
publisher = {IEEE Computer Society},
address = {Los Alamitos, CA, USA},
}

@article{torrellas2009architectures,
  title={Architectures for extreme-scale computing},
  author={Torrellas, Josep},
  journal={Comp.},
  volume={42},
  number={11},
  pages={28--35},
  year={2009},
  publisher={IEEE}
}

@ARTICLE{4404810,
author={Wu-chun Feng and Cameron, K.W.},
journal={Computer},
title={The Green500 List: Encouraging Sustainable Supercomputing},
year={2007},
month={Dec},
volume={40},
number={12},
pages={50-55},
keywords={parallel machines;performance evaluation;power aware computing;Green500 List;Internet data center;heat dissipation;high performance computing;power consumption;sustainable supercomputing system;Cooling;Energy consumption;Energy efficiency;Humidity control;Laboratories;Power generation;Supercomputers;Temperature;Wind energy generation;Wind power generation;Green Destiny;Green500 list;green computing;supercomputing},                               
doi={10.1109/MC.2007.445},                                                     
ISSN={0018-9162},}

@ARTICLE{powerpack,
author={Rong Ge and Xizhou Feng and Shuaiwen Song and Hung-Ching Chang and Dong Li and Cameron, K.W.},
journal={Parallel and Distributed Systems, IEEE Transactions on},
title={PowerPack: Energy Profiling and Analysis of High-Performance Systems and Applications},
year={2010},
month={May},
volume={21},
number={5},
pages={658-671},
keywords={energy conservation;multiprocessing systems;parallel processing;power aware computing;power consumption;DVFS scheduling;PowerPack;dynamic voltage and frequency scaling techniques;energy consumption;energy efficiency;energy profiling;high-performance computing system design;multicore support systems;multiprocessor-based nodes;power efficiency;CMP-based cluster;Distributed system;dynamic voltage and frequency scaling.;energy efficiency;power management;power measurement;system tools},                                                         
doi={10.1109/TPDS.2009.76},
ISSN={1045-9219},}


@article{scaramella2006worldwide,
  title={Worldwide server power and cooling expense 2006-2010 forecast},
  author={Scaramella, Jed},
  journal={International Data Corporation (IDC)},                              
  year={2006}
}

@TechReport{boxplots,
  author = {Hadley Wickham and Lisa Stryjewski},
  title = {40 years of boxplots},
  institution = {had.co.nz},
  year = {2012},
}

@inproceedings{Shun:2012:BAP:2312005.2312018,
 author = {Shun, Julian and Blelloch, Guy E. and Fineman, Jeremy T. and Gibbons, Phillip B. and Kyrola, Aapo and Simhadri, Harsha Vardhan and Tangwongsan, Kanat},
 title = {Brief Announcement: The Problem Based Benchmark Suite},
 booktitle = {24th Annual ACM Symp. on Paral. in Algorith. and Arch.},
 year = {2012},
 isbn = {978-1-4503-1213-4},
 location = {Pittsburgh, Pennsylvania, USA},
 pages = {68--70},
 numpages = {3},
 doi = {10.1145/2312005.2312018},
 acmid = {2312018},
 publisher = {ACM},
 address = {NY, USA},
 keywords = {algorithm performance, benchmarking, parallel algorithms},
} 

@article{Blelloch:2012:IDP:2370036.2145840,
 author = {Blelloch, Guy E. and Fineman, Jeremy T. and Gibbons, Phillip B. and Shun, Julian},
 title = {Internally Deterministic Parallel Algorithms Can Be Fast},
 journal = {SIGPLAN Not.},
 issue_date = {August 2012},
 volume = {47},
 number = {8},
 month = feb,
 year = {2012},
 issn = {0362-1340},
 pages = {181--192},
 numpages = {12},
 doi = {10.1145/2370036.2145840},
 acmid = {2145840},
 publisher = {ACM},
 address = {New York, NY, USA},
 keywords = {commutative operations, deterministic parallelism, geometry algorithms, graph algorithms, parallel algorithms, parallel programming, sorting, string processing},
}

@inproceedings{chakrabarti2004r,
  title={R-MAT: A Recursive Model for Graph Mining.},
  author={Chakrabarti, Deepayan and Zhan, Yiping and Faloutsos, Christos},
  booktitle={SDM},
  volume={4},
  pages={442--446},
  year={2004},
  organization={SIAM}
}

@incollection{dongarra2011linpack,
  title={Linpack benchmark},
  author={Dongarra, Jack and Luszczek, Piotr},
  booktitle={Encyclopedia of Parallel Computing},
  pages={1033--1036},
  year={2011},
  publisher={Springer}
}

@inCollection{Exascale2011,
    author = {T. Geller},
    title = {Supercomputing exaflop target} ,
    booktitle = {Comm. of the ACM},
    publisher = {ACM New York, NY, USA},
    pages ={54(8)},
    year = {2011}, month = {August}
}

@article{murphy2010introducing,
  title={Introducing the graph 500},
  author={Murphy, Richard C and Wheeler, Kyle B and Barrett, Brian W and Ang, James A},
  journal={Cray User’s Group (CUG)},
  year={2010}
}

@article{874144220010501,
Author = {Box, George and Tyssedal, John},
ISSN = {03610918},
Journal = {Communications in Statistics: Simulation & Computation},
Keywords = {STATISTICS, SIMULATION methods & models},
Number = {2},
Pages = {217},
Title = {SIXTEEN RUN DESIGNS OF HIGH PROJECTIVITY FOR FACTOR SCREENING.},
Volume = {30},
URL = {http://search.ebscohost.com/login.aspx?direct=true&db=iih&AN=8741442&lang=pt-br&site=ehost-live},
Year = {2001},
}

@incollection{multiobjective,
	year={2014},
	isbn={978-3-319-10213-9},
	booktitle={High Performance Computing Systems. Perf. Modeling, Bench. and Simul.},
	volume={8551},
	series={LNCS},
	title={Multi Objective Optimization of HPC Kernels for Performance, Power, and Energy},
	publisher={Springer},
	author={Balaprakash, Prasanna and Tiwari, Ananta and Wild, StefanM.},
	pages={239-260},
	language={English}
}

@book{montgomery2008design,
	title={Design and analysis of experiments},
	author={Montgomery, Douglas C},
	year={2008},
	publisher={John Wiley \& Sons}
}

@article{metamodels,
	year={2001},
	issn={0177-0667},
	journal={Eng. with Comp.},
	volume={17},
	number={2},
	doi={10.1007/PL00007198},
	title={Metamodels for Computer-based Engineering Design: survey and recomm.},
	publisher={Springer},
	keywords={Keywords.Deterministic analysis; Engineering design; Kriging; Metamodels; Robust design; RSM},
	author={Simpson, T.W. and Poplinski, J.D. and Koch, P. N. and Allen, J.K.},
	pages={129-150},
	language={English}
}


@Book{Ehrgott2000,
author = {M. Ehrgott},
title = {Multicriteria optimization},
publisher = {Springer},
year = {2000},
series = {LNEMS},

}


@misc{graph500spec,
  title = {Graph500 Specification},
  year = {2010},
  author={Graph 500 Steering Committee},
  howpublished = {\url{http://www.graph500.org/specifications}}
}

@inproceedings{LeSueur:2010:DVF:1924920.1924921,
 author = {Le Sueur, Etienne and Heiser, Gernot},
 title = {Dynamic Voltage and Frequency Scaling: The Laws of Diminishing Returns},
 booktitle = {Proceedings of the 2010 International Conference on Power Aware Computing and Systems},
 series = {HotPower'10},
 year = {2010},
 location = {Vancouver, BC, Canada},
 pages = {1--8},
 numpages = {8},
 acmid = {1924921},
 publisher = {USENIX Association},
 address = {Berkeley, CA, USA},
} 

@INPROCEEDINGS{6972015, 
author={Lawson, G. and Sosonkina, M. and Yuzhong Shen}, 
booktitle={Computer Architecture and High Performance Computing Workshop (SBAC-PADW), 2014 International Symposium on}, 
title={Energy Evaluation for Applications with Different Thread Affinities on the Intel Xeon Phi}, 
year={2014}, 
pages={54-59}, 
keywords={coprocessors;multiprocessing systems;parallel architectures;performance evaluation;Intel Xeon Phi coprocessor;energy evaluation;energy-efficient hardware parallelism;multicore architectures;thread affinity;tuning application performance;Bandwidth;Benchmark testing;Computer architecture;Coprocessors;Hardware;Instruction sets;Measurement;Energy Savings;Intel Xeon Phi;Performance Evaluation;Thread Affinity;micsmc}, 
doi={10.1109/SBAC-PADW.2014.12}, 
month={Oct},}

@techreport{davis2011no,
  title={No Hardware Required: Building and Validating Composable Highly Accurate OS-based Power Models},
  author={Davis, John D and Rivoire, Suzanne and Goldszmidt, Moises and Ardestani, Ehsan K},
  year={2011},
  institution={Microsoft Technical Report}
}

@INPROCEEDINGS{5599056, 
author={Meisner, D. and Wenisch, T.F.}, 
booktitle={Low-Power Electronics and Design (ISLPED), 2010 ACM/IEEE International Symposium on}, 
title={Peak power modeling for data center servers with switched-mode power supplies}, 
year={2010}, 
pages={319-324}, 
keywords={Current measurement;Frequency measurement;Kernel;Power demand;Power measurement;Servers}, 
month={Aug},}

@INPROCEEDINGS{7103461, 
author={Wood, J. and Ziliang Zong and Qijun Gu and Rong Ge}, 
booktitle={Parallel Processing Workshops (ICCPW), 2014 43rd International Conference on}, 
title={Energy and Power Characterization of Parallel Programs Running on Intel Xeon Phi}, 
year={2014}, 
pages={265-272}, 
keywords={coprocessors;energy conservation;multiprocessing systems;parallel programming;power aware computing;Intel Xeon Phi coprocessor;Stampede;Tianhe-2;Xeon Phi thread;energy characterization;energy conservation;energy consumption;energy savings;heterogeneous computing;many-core chip;native mode code running;on-chip power sensor;parallel program;performance improvement;power behavior;power characterization;power consumption;supercomputer;thread execution;Coprocessors;Instruction sets;Market research;Parallel processing;Power demand;Power measurement;Sensors;Energy;MIC;Power;Xeon Phi}, 
doi={10.1109/ICPPW.2014.43}, 
ISSN={1530-2016}, 
month={Sept},}

@article{Shewchuk:2002:DRA:2295317.2295334,
 author = {Shewchuk, Jonathan Richard},
 title = {Delaunay Refinement Algorithms for Triangular Mesh Generation},
 journal = {Comput. Geom. Theory Appl.},
 issue_date = {May, 2002},
 volume = {22},
 number = {1-3},
 month = may,
 year = {2002},
 issn = {0925-7721},
 pages = {21--74},
 numpages = {54},
 doi = {10.1016/S0925-7721(01)00047-5},
 acmid = {2295334},
 publisher = {Elsevier Science Publishers B. V.},
 address = {Amsterdam, The Netherlands, The Netherlands},
 keywords = {Computational geometry, Constrained Delaunay triangulation, Delaunay refinement, Delaunay triangulation, Triangular mesh generation},
}

@incollection{linpack,
	year={2011},
	isbn={978-0-387-09765-7},
	booktitle={Encyclopedia of Parallel Computing},
	editor={Padua, David},
	doi={10.1007/978-0-387-09766-4_155},
	title={LINPACK Benchmark},
	publisher={Springer US},
	author={Dongarra, Jack and Luszczek, Piotr},
	pages={1033-1036},
	language={English}
}

@ARTICLE{4216292, 
author={Murphy, R.C. and Kogge, P.M.}, 
journal={Computers, IEEE Transactions on}, 
title={On the Memory Access Patterns of Supercomputer Applications: Benchmark Selection and Its Implications}, 
year={2007}, 
volume={56}, 
number={7}, 
pages={937-945}, 
keywords={parallel machines;performance evaluation;data intensiveness;floating-point method;memory access pattern;spatial locality;supercomputer application;system performance evaluation cooperative integer;temporal locality;Application software;Computational modeling;Computer applications;Computer architecture;High performance computing;Laboratories;Measurement techniques;Particle measurements;Supercomputers;System performance;Performance analysis and design aids;evaluation;measurement;measurement techniques;modeling;simulation of multiple-processor systems.}, 
doi={10.1109/TC.2007.1039}, 
ISSN={0018-9340}, 
month={July},}

@ARTICLE{powerpack2010, 
author={Rong Ge and Xizhou Feng and Shuaiwen Song and Hung-Ching Chang and Dong Li and Cameron, K.W.}, 
journal={Parallel and Distributed Systems, IEEE Transactions on}, 
title={PowerPack: Energy Profiling and Analysis of High-Performance Systems and Applications}, 
year={2010}, 
volume={21}, 
number={5}, 
pages={658-671}, 
keywords={energy conservation;multiprocessing systems;parallel processing;power aware computing;power consumption;DVFS scheduling;PowerPack;dynamic voltage and frequency scaling techniques;energy consumption;energy efficiency;energy profiling;high-performance computing system design;multicore support systems;multiprocessor-based nodes;power efficiency;CMP-based cluster;Distributed system;dynamic voltage and frequency scaling.;energy efficiency;power management;power measurement;system tools}, 
doi={10.1109/TPDS.2009.76}, 
ISSN={1045-9219}, 
month={May},}

@article{box2005statistics,
  title={Statistics for experimenters: design, innovation, and discovery},
  author={Box, George EP and Hunter, J Stuart and Hunter, William G},
  journal={AMC},
  volume={10},
  pages={12},
  year={2005}
}

@ARTICLE{888701, 
	author={Brooks, D.M. and Bose, P. and Schuster, S.E. and Jacobson, H. and
		Kudva, P.N. and Buyuktosunoglu, A. and Wellman, J.-D. and Zyuban, V. and
			Gupta, M. and Cook, P.W.}, 
	journal={Micro, IEEE}, 
	title={Power-aware microarchitecture: design and modeling challenges for
		next-generation microprocessors}, 
	year={2000}, 
	volume={20}, 
	number={6}, 
	pages={26-44}, 
	keywords={logic design;microprocessor chips;clock-gating;dynamic
		adaptation;energy-enabled performance simulators;next-generation
			microprocessors;power consumption estimation;power-aware
			microarchitecture;Clocks;Costs;Energy
			consumption;Frequency;Microarchitecture;Microprocessors;Power
			dissipation;Process design;Switching loss;Voltage}, 
	doi={10.1109/40.888701}, 
	ISSN={0272-1732}, 
	month={Nov},
}

@INPROCEEDINGS{573184, 
	author={Horowitz, M. and Indermaur, T. and Gonzalez, R.}, 
	booktitle={Low Power Electronics, 1994. Digest of Technical Papers., IEEE
		Symposium}, 
	title={Low-power digital design}, 
	year={1994}, 
	pages={8-11}, 
	keywords={CMOS digital integrated circuits;CMOS circuits;energy-delay
		metric;energy-loss mechanisms;low-power digital design;power dissipation
			reduction;power-saving techniques;Capacitors;Circuits;Frequency;Leakage
			current;Power dissipation;Process design;Surges;Temperature;Threshold
			voltage;Voltage control}, 
	doi={10.1109/LPE.1994.573184}, 
	month={Oct},
}

@INPROCEEDINGS{padoin2014HiPC, 
author={Padoin, E.L. and Castro, M. and Pilla, L.L. and Navaux, P.O.A. and Mehaut, J.-F.}, 
booktitle={Intl. Conf. on HPC}, 
title={Saving energy by exploiting residual imbalances on iterative applications}, 
year={2014}, 
doi={10.1109/HiPC.2014.7116895}
}

@INPROCEEDINGS{4658633, 
author={Wonyoung Kim and Gupta, M.S. and Gu-Yeon Wei and Brooks, D.}, 
booktitle={High Performance Computer Architecture, 2008. HPCA 2008. IEEE 14th International Symposium on}, 
title={System level analysis of fast, per-core DVFS using on-chip switching regulators}, 
year={2008}, 
pages={123-134}, 
keywords={microprocessor chips;multi-threading;power aware computing;switching functions;voltage regulators;chip-multiprocessors;dynamic voltage and frequency scaling;fast per-core DVFS;multi-threaded workloads;nanosecond-scale voltage switching;on-chip switching regulators;system level analysis;voltage regulators;Costs;Digital systems;Dynamic voltage scaling;Embedded system;Frequency;Microprocessors;Performance analysis;Regulators;System-on-a-chip;Voltage control}, 
doi={10.1109/HPCA.2008.4658633}, 
ISSN={1530-0897}, 
month={Feb},}

@ARTICLE{1372658,
author={Kihwan Choi and Soma, R. and Pedram, M.},
journal={Computer-Aided Design of Integrated Circuits and Systems, IEEE Transactions on},
title={Fine-grained dynamic voltage and frequency scaling for precise energy and performance tradeoff based on the ratio of off-chip access to on-chip computation times},
year={2005},
volume={24},
number={1},
pages={18-28},
keywords={embedded systems;integrated circuit design;low-power electronics;microprocessor chips;current measurements;dynamically constructed regression models;embedded system platform;energy consumption;external memory access statistics;fine-grained dynamic voltage;frequency scaling;memory-bound programs;off-chip access times;on-chip computation times;runtime information;soft timing constraints;Current measurement;Dynamic voltage scaling;Embedded system;Energy consumption;Frequency;Hardware;Runtime;Statistics;Timing;Voltage control;Dynamic voltage and frequency scaling (DVFS);energy and performance tradeoff;energy minimization;low power},
doi={10.1109/TCAD.2004.839485},
ISSN={0278-0070},
month={Jan},}

4090188, 
@INPROCEEDINGS{lim2006commphases,
author={Lim, M.Y. and Freeh, Vincent W. and Lowenthal, D.K.}, 
booktitle={SuperComp.}, 
title={Adaptive, Transparent Frequency and Voltage Scaling of Communication Phases in MPI Programs}, 
year={2006}, 
pages={14-14}, 
keywords={message passing;performance evaluation;power aware computing;supervisory programs;CPU performance;MPI program;communication phase;high-performance computing;message passing;microprocessor;power consumption;transparent frequency;voltage scaling;Computer science;Costs;Dynamic voltage scaling;Energy consumption;Fission reactors;Frequency;High performance computing;Microprocessors;Permission;USA Councils}, 
doi={10.1109/SC.2006.11},}

@inproceedings{Rountree:2009:AMD:1542275.1542340,
 author = {Rountree, Barry and Lownenthal, David K. and de Supinski, Bronis R. and Schulz, Martin and Freeh, Vincent W. and Bletsch, Tyler},
 title = {Adagio: Making DVS Practical for Complex HPC Applications},
 booktitle = {Proceedings of the 23rd International Conference on Supercomputing},
 year = {2009},
 isbn = {978-1-60558-498-0},
 location = {Yorktown Heights, NY, USA},
 pages = {460--469},
 numpages = {10},
 doi = {10.1145/1542275.1542340},
 acmid = {1542340},
 publisher = {ACM},
 keywords = {dvfs, dvs, energy, mpi, runtime},
} 

@Book{Jain:1991:ACSb,
  author =       "R. Jain",
  title =        "The Art of Computer Systems Performance Analysis:
                 Techniques for Experimental Design, Measurement,
                 Simulation, and Modeling,",
  publisher =    "Wiley",
  pages =        "xxvii + 685",
  month =        may,
  year =         "1991",
  ISBN =         "0-471-50336-3",
  ISBN-13 =      "978-0-471-50336-1",
  LCCN =         "QA76.9.E94J32 1991",
  bibdate =      "Tue Aug 18 08:27:07 1998",
  bibsource =    "http://www.math.utah.edu/pub/bibnet/authors/j/jain-raj.bib",
  acknowledgement = ack-nhfb,
}

@book{wu2000experiments,
  added-at = {2009-10-28T04:42:52.000+0100},
  author = {Wu, C.F.J. and Hamada, M. and Wu, C.F.},
  biburl = {http://www.bibsonomy.org/bibtex/2241de1de1fb70ba360e68a34f71e2192/jwbowers},
  date-added = {2009-10-22 10:59:29 -0500},
  date-modified = {2009-10-22 10:59:29 -0500},
  interhash = {c748d1f096fc3032aaf983182bc4f0a5},
  intrahash = {241de1de1fb70ba360e68a34f71e2192},
  keywords = {imported},
  publisher = {Wiley New York},
  timestamp = {2009-10-28T04:42:53.000+0100},
  title = {Experiments: planning, analysis, and parameter design optimization},
  year = 2000
}

@techreport{heroux2009improving,
	title={{Improving Performance via Mini-applications}},
	author={Heroux, Michael A and Doerfler, Douglas W and Crozier, Paul S and Willenbring, James M and Edwards, H Carter and Williams, Alan and Rajan, Mahesh and Keiter, Eric R and Thornquist, Heidi K and Numrich, Robert W},
	institution={Sandia},
	number = {SAND2009-5574},
	year={2009}
}

@Inbook{Laurenzano2014,
	author="Laurenzano, Michael A.
		and Tiwari, Ananta
		and Jundt, Adam
		and Peraza, Joshua
		and Ward, William A.
		and Campbell, Roy
		and Carrington, Laura",
	editor="Silva, Fernando
		and Dutra, In{\^e}s
		and Santos Costa, V{\'i}tor",
	chapter="Characterizing the Performance-Energy Tradeoff of Small ARM Cores in HPC Computation",
	title="Euro-Par 2014 Parallel Processing: 20th International Conference, Porto, Portugal, August 25-29, 2014. Proceedings",
	year="2014",
	publisher="Springer International Publishing",
	address="Cham",
	pages="124--137",
	isbn="978-3-319-09873-9",
	doi="10.1007/978-3-319-09873-9_11",
	url="http://dx.doi.org/10.1007/978-3-319-09873-9_11"
}

@INPROCEEDINGS{cicotti2014es,
	author={Cicotti, P. and Tiwari, A. and Carrington, L.},
	booktitle={Intl. Conf. on Cluster Comp.},
	title={Efficient speed(ES): Adaptive DVFS and clock modulation for energy efficiency},
	year={2014},
	pages={158-166},
	keywords={energy conservation;power aware computing;GAMESS package;adaptive DVFS;clock modulation;dynamic voltage and frequency scaling;efficient speed library;energy efficiency;energy measurement;energy savings;performance loss bound;performance measurement;power 20 MW;power envelope;quantum chemistry package;reconfigurable system;scientific computing;Benchmark testing;Clocks;Hardware;Instruments;Libraries;Modulation;Optimization},
	doi={10.1109/CLUSTER.2014.6968750},}

@Inproceedings{Laurenzano2011,
author="Laurenzano, Michael A.
and Meswani, Mitesh
and Carrington, Laura
and Snavely, Allan
and Tikir, Mustafa M.
and Poole, Stephen",
title="Reducing Energy Usage with Memory and Computation-Aware Dynamic Frequency Scaling",
booktitle="17th Euro-par Intl. Conference",
year="2011",
publisher="Springer",
address="Berlin",
pages="79--90",
isbn="978-3-642-23400-2",
}


@INPROCEEDINGS{tiwari2012greenqueue, 
author={Tiwari, A. and Laurenzano, M. and Peraza, J. and Carrington, L. and Snavely, A.}, 
booktitle={Intl. Conf. on Cloud and Green Comp.}, 
title={Green Queue: Customized Large-Scale Clock Frequency Scaling}, 
year={2012}, 
pages={260-267}, 
keywords={application program interfaces;energy conservation;green computing;message passing;multiprocessing systems;power aware computing;CPU clock frequency scaling;DVFS;Gordon;HPC system;Intel Sandy bridge-based supercomputer;MPI;San Diego Supercomputer Center;customized large-scale clock frequency scaling;dynamic voltage-frequency scaling;energy savings;green queue framework;high performance computing;internode technique;intranode technique;message passing interface;Clocks;Green products;Hardware;Load modeling;Power measurement;Queueing analysis;Runtime}, 
doi={10.1109/CGC.2012.62}, 
month={Nov},}

@INPROCEEDINGS{porterfield2013openmp, 
author={Porterfield, A.K. and Olivier, S.L. and Bhalachandra, S. and Prins, J.F.}, 
booktitle={Parallel and Distributed Processing Symposium Workshops PhD Forum (IPDPSW), 2013 IEEE 27th International}, 
title={Power Measurement and Concurrency Throttling for Energy Reduction in OpenMP Programs}, 
year={2013}, 
pages={884-891}, 
keywords={benchmark testing;concurrency control;hydrodynamics;message passing;optimisation;parallel processing;power aware computing;program compilers;scheduling;Intel Sandy bridge X86-64 architecture;OpenMP programs;compiler;concurrency throttling;dynamic runtime throttling;energy conservation;energy reduction;energy usage;exascale computing;hardware performance counters;hydrodynamics mini-app;microbenchmarks;on-node application power;optimization level;performance characteristics;power measurement;task parallel benchmark suite;thread scheduler;Hardware;Instruction sets;Optimization;Parallel processing;Radiation detectors;Runtime;High Performance Computing;OpenMP;Power-aware Computing}, 
doi={10.1109/IPDPSW.2013.15}, 
month={May},}

Hybrid MPI/OpenMP Power-Aware Computing

@INPROCEEDINGS{mpiopenmp2010cameron, 
author={Dong Li and de Supinski, B.R. and Schulz, M. and Cameron, K. and Nikolopoulos, D.S.}, 
booktitle={Parallel Distributed Processing (IPDPS), 2010 IEEE International Symposium on}, 
title={Hybrid MPI/OpenMP power-aware computing}, 
year={2010}, 
pages={1-12}, 
keywords={message passing;parallel algorithms;power aware computing;HPC environment;dynamic concurrency throttling;dynamic voltage-and-frequency scaling;high performance computing;hybrid MPI-OpenMP computing;hybrid programming models;large-scale distributed systems;message passing interface;parallel programs;power-aware computing;power-aware performance prediction model;Concurrent computing;Discrete cosine transforms;Dynamic programming;Dynamic voltage scaling;Frequency;Heuristic algorithms;Large-scale systems;Multicore processing;Power system modeling;Predictive models;MPI;OpenMP;performance modeling;power-aware high -performance computing}, 
doi={10.1109/IPDPS.2010.5470463}, 
ISSN={1530-2075}, 
month={April},}

@article{Lim2011667,
title = "Adaptive, transparent CPU scaling algo. leveraging inter-node MPI comm. regions ",
journal = "Par. Comp.",
volume = "37",
number = "10–11",
pages = "667-683",
year = "2011",
note = "",
issn = "0167-8191",
doi = "http://dx.doi.org/10.1016/j.parco.2011.07.001",
author = "Min Yeol Lim and Vincent W. Freeh and David K. Lowenthal",
keywords = "Power-aware computing",
keywords = "Message passing interface (MPI) "
}

@Article{Lively2011,
author="Lively, Charles
and Wu, Xingfu
and Taylor, Valerie
and Moore, Shirley
and Chang, Hung-Ching
and Su, Chun-Yi
and Cameron, Kirk",
title="Power-aware predictive models of hybrid (MPI/OpenMP) scientific applications on multicore systems",
journal="Computer Science - Research and Development",
year="2011",
volume="27",
number="4",
pages="245--253",
abstract="Predictive models enable a better understanding of the performance characteristics of applications on multicore systems. Previous work has utilized performance counters in a system-centered approach to model power consumption for the system, CPU, and memory components. Often, these approaches use the same group of counters across different applications. In contrast, we develop application-centric models (based upon performance counters) for the runtime and power consumption of the system, CPU, and memory components. Our work analyzes four Hybrid (MPI/OpenMP) applications: the NAS Parallel Multizone Benchmarks (BT-MZ, SP-MZ, LU-MZ) and a Gyrokinetic Toroidal Code, GTC. Our models show that cache utilization (L1/L2), branch instructions, TLB data misses, and system resource stalls affect the performance of each application and performance component differently. We show that the L2 total cache hits counter affects performance across all applications. The models are validated for the system and component power measurements with an error rate less than 3\%.",
issn="1865-2042",
}


@INPROCEEDINGS{kerbyson2011energytemplates, 
author={Kerbyson, D.K. and Vishnu, A. and Barker, K.J.}, 
booktitle={IEEE Intl. Conf. on Cluster Comp.}, 
title={Energy Templates: Exploiting Application Information to Save Energy}, 
year={2011}, 
pages={225-233}, 
doi={10.1109/CLUSTER.2011.33}, 
}



@inproceedings{Venkatesh:2015:CAE:2807591.2807658,
 author = {Venkatesh, Akshay and Vishnu, Abhinav and Hamidouche, Khaled and Tallent, Nathan and Panda, Dhabaleswar (DK) and Kerbyson, Darren and Hoisie, Adolfy},
 title = {A Case for Application-oblivious Energy-efficient MPI Runtime},
 booktitle = {Intl. Conf. for High Perf. Comp., Net., Stor. and Anal.},
 year = {2015},
 isbn = {978-1-4503-3723-6},
 location = {Austin, Texas},
 pages = {29:1--29:12},
 articleno = {29},
 numpages = {12},
 acmid = {2807658},
 address = {NY, USA},
}

@Article{Valentini2011,
author="Valentini, Giorgio Luigi
and Lassonde, Walter
and Khan, Samee Ullah
and Min-Allah, Nasro
and Madani, Sajjad A.
and Li, Juan
and Zhang, Limin
and Wang, Lizhe
and Ghani, Nasir
and Kolodziej, Joanna
and Li, Hongxiang
and Zomaya, Albert Y.
and Xu, Cheng-Zhong
and Balaji, Pavan
and Vishnu, Abhinav
and Pinel, Fredric
and Pecero, Johnatan E.
and Kliazovich, Dzmitry
and Bouvry, Pascal",
title="An overview of energy efficiency techniques in cluster computing systems",
journal="Cluster Computing",
year="2011",
volume="16",
number="1",
pages="3--15",
abstract="Two major constraints demand more consideration for energy efficiency in cluster computing: (a) operational costs, and (b) system reliability. Increasing energy efficiency in cluster systems will reduce energy consumption, excess heat, lower operational costs, and improve system reliability. Based on the energy-power relationship, and the fact that energy consumption can be reduced with strategic power management, we focus in this survey on the characteristic of two main power management technologies: (a) static power management (SPM) systems that utilize low-power components to save the energy, and (b) dynamic power management (DPM) systems that utilize software and power-scalable components to optimize the energy consumption. We present the current state of the art in both of the SPM and DPM techniques, citing representative examples. The survey is concluded with a brief discussion and some assumptions about the possible future directions that could be explored to improve the energy efficiency in cluster computing.",
issn="1573-7543",
}

@inproceedings{Freeh:2005:UME:1065944.1065967,
 author = {Freeh, Vincent W. and Lowenthal, David K.},
 title = {Using Multiple Energy Gears in MPI Programs on a Power-scalable Cluster},
 booktitle = {Symp. on Princ. and Pract. of Par. Prog.},
 year = {2005},
 isbn = {1-59593-080-9},
 location = {IL, USA},
 numpages = {10},
 acmid = {1065967},
 publisher = {ACM},
 keywords = {high-performance computing, power-aware computing},
}

@article {peraza2013pcmacs,
author = {Peraza, Joshua and Tiwari, Ananta and Laurenzano, Michael and Carrington, Laura and Snavely, Allan},
title = {PMaC's green queue: a framework for selecting energy optimal DVFS configurations in large scale MPI applications},
journal = {Conc. and Comp.: Prac. and Exp.},
volume = {28},
number = {2},
publisher = {John Wiley & Sons, Ltd},
issn = {1532-0634},
pages = {211--231},
keywords = {energy efficiency, dynamic voltage-frequency scaling, high performance computing, green computing, application characterization, workload characterization, performance modeling, power modeling},
year = {2013},
}


@INPROCEEDINGS{labasan2015exploring, 
author={Labasan, S. and Larsen, M. and Childs, H.}, 
booktitle={Large Data Analysis and Visualization (LDAV), 2015 IEEE 5th Symposium on}, 
title={Exploring tradeoffs between power and performance for a scientific visualization algorithm}, 
year={2015}, 
pages={73-80}, 
keywords={application program interfaces;clocks;data visualisation;message passing;parallel processing;power aware computing;scientific information systems;HPC programs;MPI;OpenMP;clock frequency;concurrency control;data set;data-intensive property;design constraint;energy usage optimization;generalized implementation;hardware architecture;high-performance computing;isosurfacing algorithm;optimized implementation;power usage optimization;programming model;scientific visualization algorithm;software design;Benchmark testing;Clocks;Computer architecture;Data models;Data visualization;Hardware;Runtime}, 
doi={10.1109/LDAV.2015.7348074}, 
month={Oct},}

@INPROCEEDINGS{hotta2006profile, 
author={Hotta, Y. and Sato, M. and Kimura, H. and Matsuoka, S. and Boku, T. and Takahashi, D.}, 
booktitle={IPDPS}, 
title={Profile-based opt. of power perf. by using dynamic voltage scaling on a PC cluster}, 
year={2006}, 
doi={10.1109/IPDPS.2006.1639597}, 
}

@Article{Dick2015,
author="Dick, Bj{\"o}rn
and Vogel, Andreas
and Khabi, Dmitry
and Rupp, Martin
and K{\"u}ster, Uwe
and Wittum, Gabriel",
title="Utilization of empirically determined energy-optimal CPU-frequencies in a numerical simulation code",
journal="Computing and Visualization in Science",
year="2015",
volume="17",
number="2",
pages="89--97",
abstract="In order to enable exascale computing, concepts for substantial energy savings are required. Dynamic voltage and frequency scaling (DVFS) is widely known to provide suitable energy saving potentials. However, the customarily utilized DVFS mechanism of the Linux kernel determines clock frequencies solely based on an idle time analysis. In contrast to this, we use an empirical approach based on preparatory measurements of the energy consumption at all available frequencies. From the resulting data we deduce energy-optimal frequencies, which are used in subsequent production runs. The described methodology can be deployed with routine granularity to account for varying code characteristics. For evaluation purposes, the approach is applied to the UG4 numerical simulation software. First results exhibit an average energy saving potential of approximately 10 \% while increasing the runtime by about 19 \%.",
issn="1433-0369",
}

@article{jones2013definitive,
  title={Definitive Screening Designs with Added Two-Level Categorical Factors*},
  author={Jones, Bradley and Nachtsheim, Christopher J},
  journal={Journal of Quality Technology},
  volume={45},
  number={2},
  pages={121--129},
  year={2013},
  publisher={Citeseer}
}

@article{jones2011class,
  title={A class of three-level designs for definitive screening in the presence of second-order effects},
  author={Jones, Bradley and Nachtsheim, Christopher J},
  journal={Quality Technology},
  volume={43},
  number={1},
  pages={1--15},
  year={2011},
  publisher={American Society for Quality}
}

@manual{intel2013,
  author = {Intel},
  month = {Setptember},
  organization = {Intel Corporation},
  title = {Intel 64 and IA-32 Architectures Software Developer's Manual - Volume 3B},
  year = {2013}
}

@book{Johnson:1988:AMS:59551,
 editor = {Johnson, R. A. and Wichern, D. W.},
 title = {Applied Multivariate Statistical Analysis},
 year = {1988},
 isbn = {0-130-41146-9},
 publisher = {Prentice-Hall, Inc.},
 address = {Upper Saddle River, NJ, USA},
} 

@INPROCEEDINGS{xu2015ilp, 
author={Shikang Xu and I. Koren and C. M. Krishna}, 
booktitle={Green Computing Conference and Sustainable Computing Conference (IGSC), 2015 Sixth International}, 
title={Improving processor lifespan and energy consumption using DVFS based on ILP monitoring}, 
year={2015}, 
pages={1-6}, 
keywords={cyber-physical systems;microprocessor chips;power aware computing;DVFS;ILP monitoring;cyber-physical systems;dynamic voltage scaling;instruction-level parallelism;processor energy consumption;processor lifespan;reduced chip lifetime;thermal management;Energy consumption;Heuristic algorithms;Parallel processing;Prediction algorithms;Real-time systems;Thermal management;Time-frequency analysis;Cyber-physical systems;DVFS;Lifetime extension;Real-time systems},
doi={10.1109/IGCC.2015.7393725}, 
month={Dec},}