@Book{knuth:84,
  author =   {Donald E. Knuth},
  title =    {The {\TeX} Book},
  publisher =    {Addison-Wesley},
  year =   {1984},
  edition =    {15th}
}

@InCollection{boulic:91,
  author =   {R. Boulic and O. Renault},
  title =    {3D Hierarchies for Animation},
  booktitle =    {New Trends in Animation and Visualization},
  publisher =    {John Wiley {\&} Sons ltd.},
  year =   {1991},
  editor =   {Nadia Magnenat-Thalmann and Daniel Thalmann}
}

@InCollection{smith:99,
  author =   {A. Smith and B. Jones},
  title =    {On the Complexity of Computing},
  booktitle =    {Advances in Computer Science},
  pages =    {555--566},
  publisher =    {Publishing Press},
  year =   {1999},
  editor =   {A. B. Smith-Jones}
}

@inproceedings{freeh2005exploring,
  title={Exploring the energy-time tradeoff in mpi programs on a power-scalable cluster},
  author={Freeh, Vincent W and Pan, Feng and Kappiah, Nandini and Lowenthal, David K and Springer, Robert},
  booktitle={19th IEEE International Parallel and Distributed Processing Symposium},
  pages={4a--4a},
  year={2005},
  organization={IEEE}
}

@inproceedings{laurenzano2011reducing,
  title={Reducing energy usage with memory and computation-aware dynamic frequency scaling},
  author={Laurenzano, Michael A and Meswani, Mitesh and Carrington, Laura and Snavely, Allan and Tikir, Mustafa M and Poole, Stephen},
  booktitle={European Conference on Parallel Processing},
  pages={79--90},
  year={2011},
  organization={Springer}
}

@inproceedings{spiliopoulos2012power,
  title={Power-Sleuth: A Tool for Investigating Your Program's Power Behavior},
  author={Spiliopoulos, Vasileios and Sembrant, Andreas and Kaxiras, Stefanos},
  booktitle={2012 IEEE 20th International Symposium on Modeling, Analysis and Simulation of Computer and Telecommunication Systems},
  pages={241--250},
  year={2012},
  organization={IEEE}
}

@incollection{schnorr2013visualizing,
  title={Visualizing More Performance Data Than What Fits on Your Screen},
  author={Schnorr, Lucas M and Legrand, Arnaud},
  booktitle={Tools for High Performance Computing 2012},
  pages={149--162},
  year={2013},
  publisher={Springer}
}

@inproceedings{millani2016fr,
author = {Millani, Luis Felipe and Schnorr, Lucas Mello},
title={Computation-Aware Dynamic Frequency Scaling: Parsimonious Evaluation of the Time-Energy Trade-off Using Design of Experiments},
year={2016},
booktitle={3rd International Workshop on Reproducibility in Parallel Computing (REPPAR)}
}

@book{jain1991art,
  title={Art of Computer Systems Performance Analysis: Techniques For Experimental Design Measurements Simulation and Modeling},
  author={Jain, R.},
  isbn={9781118858424},
  year={1991},
  publisher={Wiley}
}

@inproceedings{treibig2010likwid,
  title={Likwid: A lightweight performance-oriented tool suite for x86 multicore environments},
  author={Treibig, Jan and Hager, Georg and Wellein, Gerhard},
  booktitle={2010 39th International Conference on Parallel Processing Workshops},
  pages={207--216},
  year={2010},
  organization={IEEE}
}
