% Refer to http://www.openoffice.org/bibliographic/bibtex-defs.html
% to understand how to enter references in bibtex format
% you can find already prepared entries for most of the articles

@book{jain,
    author    = {Raj Jain},
    title     = {Art of Computer Systems Performance Analysis: Techniques for Experimental Design Measurements Simulation and Modeling},
    publisher = {John Wiley \& Sons},
    edition  = {2nd},
    year      = 2015,
    month    = {March}
}

@misc{doebase,
title= {Package ‘DoE.base’}, 
author = {Ulrike Groemping and Boyko Amarov and Hongquan Xu}, 
year= 2016,
howpublished = {\url{https://cran.r-project.org/web/packages/DoE.base/DoE.base.pdf}},
note = {Accessed: 2016-04-24}}

@inproceedings{laurenzano2011reducing,
  title={Reducing energy usage with memory and computation-aware dynamic frequency scaling},
  author={Laurenzano, Michael A and Meswani, Mitesh and Carrington, Laura and Snavely, Allan and Tikir, Mustafa M and Poole, Stephen},
  booktitle={European Conference on Parallel Processing},
  pages={79--90},
  year={2011},
  organization={Springer}
}

@inproceedings{freeh2005using,
  title={Using multiple energy gears in MPI programs on a power-scalable cluster},
  author={Freeh, Vincent W and Lowenthal, David K},
  booktitle={Proceedings of the tenth ACM SIGPLAN symposium on Principles and practice of parallel programming},
  pages={164--173},
  year={2005},
  organization={ACM}
}